<collection xmlns="http://www.loc.gov/MARC21/slim"><record><leader>00856nam  2200277   450</leader><controlfield tag="001">793</controlfield><controlfield tag="003">http://montalegre.opacnet.com/OPAC/default.aspx?ContentAreaControl=ShowRegHoldings.ascx&amp;RegNo=16662</controlfield><controlfield tag="005">20</controlfield><datafield tag="010" ind1=" " ind2=" "><subfield code="a">972-21-1256-2</subfield></datafield><datafield tag="021" ind1=" " ind2=" "><subfield code="a">PT</subfield><subfield code="b">134972/99</subfield></datafield><datafield tag="100" ind1=" " ind2=" "><subfield code="a">20000222d1999    de y0pory010305  ba</subfield></datafield><datafield tag="101" ind1="0" ind2=" "><subfield code="a">por</subfield></datafield><datafield tag="102" ind1=" " ind2=" "><subfield code="a">PT</subfield></datafield><datafield tag="105" ind1=" " ind2=" "><subfield code="a">y   z   000ay</subfield></datafield><datafield tag="200" ind1="1" ind2=" "><subfield code="a">Diário secreto de Camila</subfield><subfield code="f">Ana Maria Magalhães, Isabel Alçada</subfield></datafield><datafield tag="210" ind1=" " ind2=" "><subfield code="a">Lisboa</subfield><subfield code="c">Caminho</subfield><subfield code="d">imp. 1999</subfield></datafield><datafield tag="215" ind1=" " ind2=" "><subfield code="a">159 p.</subfield><subfield code="d">21 cm</subfield></datafield><datafield tag="225" ind1="2" ind2=" "><subfield code="a">Livros do dia e da noite</subfield></datafield><datafield tag="606" ind1=" " ind2=" "><subfield code="a">Literatura portuguesa</subfield></datafield><datafield tag="606" ind1=" " ind2=" "><subfield code="a">Literatura juvenil</subfield></datafield><datafield tag="608" ind1=" " ind2=" "><subfield code="a">Diários</subfield></datafield><datafield tag="675" ind1=" " ind2=" "><subfield code="a">82-94</subfield><subfield code="v">BN</subfield><subfield code="z">por</subfield></datafield><datafield tag="700" ind1=" " ind2="1"><subfield code="a">Magalhães</subfield><subfield code="b">Ana Maria</subfield><subfield code="f">1946-</subfield></datafield><datafield tag="701" ind1=" " ind2="1"><subfield code="a">Alçada</subfield><subfield code="b">Isabel</subfield><subfield code="c">pseud</subfield><subfield code="4">070</subfield></datafield><datafield tag="801" ind1=" " ind2="0"><subfield code="a">PT</subfield><subfield code="b">Biblioteca Municipal de Montalegre</subfield><subfield code="g">RPC</subfield></datafield><datafield tag="856" ind1=" " ind2=" "><subfield code="u">locateMedia.asp?cod=20060622110317&amp;ext=jpg</subfield><subfield code="z">CAPA</subfield></datafield><datafield tag="909" ind1="&#9;" ind2=" "><subfield code="a">1</subfield></datafield><datafield tag="966" ind1=" " ind2=" "><subfield code="a">0016760</subfield><subfield code="l">BMM</subfield><subfield code="s">SJ 82-94 MAG diá</subfield></datafield></record></collection>